
<record>
  <controlfield tag="001">1371624</controlfield>
  <datafield tag="035" ind1=" " ind2=" ">
    <subfield code="9">INSPIRETeX</subfield>
    <subfield code="a">Menjo:2007uaa</subfield>
  </datafield>
  <datafield tag="245" ind1=" " ind2=" ">
    <subfield code="a">Status of the LHCf experiment</subfield>
  </datafield>
</record>

</collection>